@report{PRC,
	author = {Bosombo Folo Ralph},
	title = {Influence of an ERP system on the value chain process of multinational enterprises (mnes)},
	institution = {University of Johannesburg - Master in business administration (MBA) },
	year = {2007},
}